@article{amin2018design,
  title={Design of cigarette disposal blower and automatic freshner using mq-5 sensor based on atmega 8535 microcontroller},
  author={Amin, M Miftakul and Nugratama, M Azel Aji and Maseleno, Andino and Huda, Miftachul and Jasmi, Kamarul Azmi},
  journal={International Journal of Engineering \& Technology},
  volume={7},
  number={3},
  pages={1108--1113},
  year={2018}
}
@inproceedings{desai2017iot,
  title={IoT based air pollution monitoring and predictor system on Beagle bone black},
  author={Desai, Nitin Sadashiv and Alex, John Sahaya Rani},
  booktitle={2017 International Conference on Nextgen Electronic Technologies: Silicon to Software (ICNETS2)},
  pages={367--370},
  year={2017},
  organization={IEEE}
}
@inproceedings{keshamoni2017smart,
  title={Smart gas level monitoring, booking \& gas leakage detector over iot},
  author={Keshamoni, Kumar and Hemanth, Sabbani},
  booktitle={2017 IEEE 7th International Advance Computing Conference (IACC)},
  pages={330--332},
  year={2017},
  organization={IEEE}
}
@article{kim2014issaq,
  title={ISSAQ: An integrated sensing systems for real-time indoor air quality monitoring},
  author={Kim, Jung-Yoon and Chu, Chao-Hsien and Shin, Sang-Moon},
  journal={IEEE Sensors Journal},
  volume={14},
  number={12},
  pages={4230--4244},
  year={2014},
  publisher={IEEE}
}
@inproceedings{dutta2017iot,
  title={IoT-fog-cloud based architecture for smart city: Prototype of a smart building},
  author={Dutta, Joy and Roy, Sarbani},
  booktitle={2017 7th International Conference on Cloud Computing, Data Science \& Engineering-Confluence},
  pages={237--242},
  year={2017},
  organization={IEEE}
}
@article{amin2018design,
  title={Design of cigarette disposal blower and automatic freshner using mq-5 sensor based on atmega 8535 microcontroller},
  author={Amin, M Miftakul and Nugratama, M Azel Aji and Maseleno, Andino and Huda, Miftachul and Jasmi, Kamarul Azmi},
  journal={International Journal of Engineering \& Technology},
  volume={7},
  number={3},
  pages={1108--1113},
  year={2018}
}
@inproceedings{savitha2018survey,
  title={A Survey on Fire Safety Measures for Industry Safety Using IOT},
  author={Savitha, N and Malathi, S},
  booktitle={2018 3rd International Conference on Communication and Electronics Systems (ICCES)},
  pages={1199--1205},
  year={2018},
  organization={IEEE}
}
@inproceedings{keshamoni2017smart,
  title={Smart gas level monitoring, booking \& gas leakage detector over iot},
  author={Keshamoni, Kumar and Hemanth, Sabbani},
  booktitle={2017 IEEE 7th International Advance Computing Conference (IACC)},
  pages={330--332},
  year={2017},
  organization={IEEE}
}
@article{koduru2018integrated,
  title={Integrated disaster management and smart insurance using cloud and internet of things},
  author={Koduru, Suresh and Prasad Reddy, P and Padala, Preethi},
  journal={Int. J. Eng. Technol},
  volume={7},
  pages={341},
  year={2018}
}
@article{mahalingam2012design,
  title={Design and implementation of an economic gas leakage detector},
  author={Mahalingam, A and Naayagi, RT and Mastorakis, NE},
  journal={Recent Researches in Applications of Electrical and Computer Engineering},
  pages={20--24},
  year={2012}
}
@inproceedings{alekseev2017information,
  title={Information-measurement and control system “smart house” as object of practice-oriented training of master's degree “instrumentation technology”},
  author={Alekseev, Vladimir V and Konovalova, Vera S and Sedunova, Ekaterina N},
  booktitle={2017 International Conference" Quality Management, Transport and Information Security, Information Technologies"(IT\&QM\&IS)},
  pages={612--615},
  year={2017},
  organization={IEEE}
}
@article{sabilla2017estimating,
  title={Estimating gas concentration using artificial neural network for electronic nose},
  author={Sabilla, Shoffi Izza and Sarno, Riyanarto and Siswantoro, Joko},
  journal={Procedia Computer Science},
  volume={124},
  pages={181--188},
  year={2017},
  publisher={Elsevier}
}
@article{mahalingam2012design,
  title={Design and implementation of an economic gas leakage detector},
  author={Mahalingam, A and Naayagi, RT and Mastorakis, NE},
  journal={Recent Researches in Applications of Electrical and Computer Engineering},
  pages={20--24},
  year={2012}
}
@inproceedings{alekseev2017information,
  title={Information-measurement and control system “smart house” as object of practice-oriented training of master's degree “instrumentation technology”},
  author={Alekseev, Vladimir V and Konovalova, Vera S and Sedunova, Ekaterina N},
  booktitle={2017 International Conference" Quality Management, Transport and Information Security, Information Technologies"(IT\&QM\&IS)},
  pages={612--615},
  year={2017},
  organization={IEEE}
}
@article{lee2001environmental,
  title={Environmental gas sensors},
  author={Lee, Duk-Dong and Lee, Dae-Sik},
  journal={IEEE Sensors Journal},
  volume={1},
  number={3},
  pages={214--224},
  year={2001},
  publisher={IEEE}
}
@article{kukade2014electronic,
  title={Electronic-nose (E-nose) for recognition of Cardamom, Nutmeg and Clove oil odor},
  author={Kukade, MV and Moshayedi, Ata Jahangir and Gharpure, DC},
  journal={Electron. its Interdiscip. Appl.(NCAEIA-2014)},
  year={2014}
}
@inproceedings{kwok2018smart,
  title={A Smart IoT-Based Irrigation System with Automated Plant Recognition using Deep Learning},
  author={Kwok, Jessica and Sun, Yu},
  booktitle={Proceedings of the 10th International Conference on Computer Modeling and Simulation},
  pages={87--91},
  year={2018},
  organization={ACM}
}
@article{karim2018monitoring,
  title={Monitoring food storage humidity and temperature data using IoT},
  author={Karim, AB and Hassan, AZ and Akanda, MM and others},
  journal={MOJ Food Process Technol},
  volume={6},
  number={4},
  pages={400--404},
  year={2018}
}
@article{amuzuvi2017design,
  title={Design of an Electronic Wireless Communication-Based Real Time Alert Liquefied Petroleum Gas Leakage Detector},
  author={Amuzuvi, Christian Kwaku},
  journal={Ghana Journal of Technology},
  volume={2},
  number={1},
  pages={7--19},
  year={2017}
}
@article{sethi2017internet,
  title={Internet of things: architectures, protocols, and applications},
  author={Sethi, Pallavi and Sarangi, Smruti R},
  journal={Journal of Electrical and Computer Engineering},
  volume={2017},
  year={2017},
  publisher={Hindawi}
}
@article{tsang2017iot,
  title={An IoT-based cargo monitoring system for enhancing operational effectiveness under a cold chain environment},
  author={Tsang, YP and Choy, KL and Wu, CH and Ho, GTS and Lam, HY and Koo, PS},
  journal={International Journal of Engineering Business Management},
  volume={9},
  pages={1847979017749063},
  year={2017},
  publisher={SAGE Publications Sage UK: London, England}
}
@article{zawawi2018electromyography,
  title={Electromyography Signal Analysis Using Time and Frequency Domain for Health Screening System Task},
  author={Zawawi, TNS Tengku and Abdullah, AR and Jin, WT and Sudirman, R and Saad, NM},
  journal={International Journal of Human and Technology Interaction (IJHaTI)},
  volume={2},
  number={1},
  pages={35--44},
  year={2018}
}
@incollection{gres2019orthogonal,
  title={Orthogonal projection-based harmonic signal removal for operational modal analysis},
  author={Gres, Szymon and Andersen, Palle and Hoen, C and Damkilde, Lars},
  booktitle={Structural Health Monitoring, Photogrammetry \& DIC, Volume 6},
  pages={9--21},
  year={2019},
  publisher={Springer}
}
@book{regalia2018adaptive,
  title={Adaptive IIR filtering in signal processing and control},
  author={Regalia, Phillip},
  year={2018},
  publisher={Routledge}
}
@article{de2013inverse,
  title={Inverse modeling in magnetic source imaging: comparison of MUSIC, SAM (g2), and sLORETA to interictal intracranial EEG},
  author={de Gooijer-van de Groep, Karin L and Leijten, Frans SS and Ferrier, Cyrille H and Huiskamp, Geertjan JM},
  journal={Human brain mapping},
  volume={34},
  number={9},
  pages={2032--2044},
  year={2013},
  publisher={Wiley Online Library}
}
@inproceedings{cohen2018automated,
  title={Automated HDL signal processing deployment performance from high level MATLAB specification for an unmanned aerial vehicle (UAV)},
  author={Cohen, Aaron E},
  booktitle={2018 IEEE 8th Annual Computing and Communication Workshop and Conference (CCWC)},
  pages={900--905},
  year={2018},
  organization={IEEE}
}
@book{van2018signal,
  title={Signal processing for neuroscientists},
  author={Van Drongelen, Wim},
  year={2018},
  publisher={Academic press}
}
@incollection{anchal2018nonlinearity,
  title={Nonlinearity Mitigation in Coherent Optical Communication Systems: All-Optical and Digital Signal Processing Approaches},
  author={Anchal, A and Jain, A and Ahmad, S and Krishnamurthy, Pradeep Kumar},
  booktitle={Selected Topics in Photonics},
  pages={41--51},
  year={2018},
  publisher={Springer}
}
@article{seichter2018online,
  title={Online monitoring of carbon dioxide and oxygen in exhaled mouse breath via substrate-integrated hollow waveguide Fourier-transform infrared-luminescence spectroscopy},
  author={Seichter, Felicia and T{\"u}t{\"u}nc{\"u}, Erhan and Hagemann, Leila Tamina and Vogt, Josef and Wachter, Ulrich and Gr{\"o}ger, Michael and Kress, Sandra and Radermacher, Peter and Mizaikoff, Boris},
  journal={Journal of breath research},
  volume={12},
  number={3},
  pages={036018},
  year={2018},
  publisher={IOP Publishing}
}
@article{lewicki2009eddy,
  title={Eddy covariance observations of surface leakage during shallow subsurface CO2 releases},
  author={Lewicki, Jennifer L and Hilley, George E and Fischer, Marc L and Pan, Lehua and Oldenburg, Curtis M and Dobeck, Laura and Spangler, Lee},
  journal={Journal of Geophysical Research: Atmospheres},
  volume={114},
  number={D12},
  year={2009},
  publisher={Wiley Online Library}
}
@article{hijazi2018ambient,
  title={Ambient temperature selective ammonia gas sensor based on SnO2-APTES modifications},
  author={Hijazi, Mohamad and Rieu, Mathilde and Stambouli, Val{\'e}rie and Tournier, Guy and Viricelle, Jean-Paul and Pijolat, Christophe},
  journal={Sensors and Actuators B: Chemical},
  volume={256},
  pages={440--447},
  year={2018},
  publisher={Elsevier}
}
@article{movlaee2018microwave,
  title={Microwave-assisted synthesis and characterization of WOx nanostructures for gas sensor application},
  author={Movlaee, K and Periasamy, P and Krishnakumar, T and Ganjali, MR and Leonardi, SG and Neri, G and Chavali, Murthy and Siril, Prem Felix and Devarajan, VP},
  journal={Journal of Alloys and Compounds},
  volume={762},
  pages={745--753},
  year={2018},
  publisher={Elsevier}
}
@article{goutham2018flexible,
  title={Flexible ultra-sensitive and resistive NO 2 gas sensor based on nanostructured Zn (x) Fe (1- x) 2 O 4},
  author={Goutham, Solleti and Sadasivuni, Kishor Kumar and Kumar, Devarai Santhosh and Rao, Kalagadda Venkateswara},
  journal={RSC advances},
  volume={8},
  number={6},
  pages={3243--3249},
  year={2018},
  publisher={Royal Society of Chemistry}
}
@article{arif2018gait,
  title={The GAIT translational control system},
  author={Arif, Abul and Yao, Peng and Terenzi, Fulvia and Jia, Jie and Ray, Partho Sarothi and Fox, Paul L},
  journal={Wiley Interdisciplinary Reviews: RNA},
  volume={9},
  number={2},
  pages={e1441},
  year={2018},
  publisher={Wiley Online Library}
}
@incollection{tischler2018system,
  title={System identification methods for aircraft flight control development and validation},
  author={Tischler, Mark B},
  booktitle={Advances in aircraft flight control},
  pages={35--69},
  year={2018},
  publisher={Routledge}
}
@misc{sloo2018smart,
  title={Smart-home control system providing HVAC system dependent responses to hazard detection events},
  author={Sloo, David and Webb, Nicholas Unger and Fisher, Evan Jarman and Matsuoka, Yoky and Fadell, Anthony and Rogers, Matthew},
  year={2018},
  month=feb # "~27",
  publisher={Google Patents},
  note={US Patent 9,905,122}
}
@article{losey2018review,
  title={A review of intent detection, arbitration, and communication aspects of shared control for physical human--robot interaction},
  author={Losey, Dylan P and McDonald, Craig G and Battaglia, Edoardo and O'Malley, Marcia K},
  journal={Applied Mechanics Reviews},
  volume={70},
  number={1},
  pages={010804},
  year={2018},
  publisher={American Society of Mechanical Engineers}
}
@article{yilmaz2018pv,
  title={PV system fuzzy logic MPPT method and PI control as a charge controller},
  author={Yilmaz, Unal and Kircay, Ali and Borekci, Selim},
  journal={Renewable and Sustainable Energy Reviews},
  volume={81},
  pages={994--1001},
  year={2018},
  publisher={Elsevier}
}
@article{he2017adaptive,
  title={Adaptive boundary iterative learning control for an Euler--Bernoulli beam system with input constraint},
  author={He, Wei and Meng, Tingting and Huang, Deqing and Li, Xuefang},
  journal={IEEE transactions on neural networks and learning systems},
  volume={29},
  number={5},
  pages={1539--1549},
  year={2017},
  publisher={IEEE}
}
@incollection{walczak2019artificial,
  title={Artificial neural networks},
  author={Walczak, Steven},
  booktitle={Advanced Methodologies and Technologies in Artificial Intelligence, Computer Simulation, and Human-Computer Interaction},
  pages={40--53},
  year={2019},
  publisher={IGI Global}
}
@book{comer2018internet,
  title={The Internet book: everything you need to know about computer networking and how the Internet works},
  author={Comer, Douglas E},
  year={2018},
  publisher={Chapman and Hall/CRC}
}
@inproceedings{tan2018design,
  title={Design of Smart Cooling System for Solar Panel on Performance Efficiency with Internet of Things (IoT)},
  author={Tan, LT and Lim, WY and Farihin, M and Jefry, M and Thway, M and Lin, F and others},
  booktitle={Hyperspectral Imaging and Sounding of the Environment},
  pages={JT2A--7},
  year={2018},
  organization={Optical Society of America}
}
@article{jokar2016intrusion,
  title={Intrusion detection and prevention for zigbee-based home area networks in smart grids},
  author={Jokar, Paria and Leung, Victor CM},
  journal={IEEE Transactions on Smart Grid},
  volume={9},
  number={3},
  pages={1800--1811},
  year={2016},
  publisher={IEEE}
}
@article{collotta2018bluetooth,
  title={Bluetooth 5: A concrete step forward toward the IoT},
  author={Collotta, Mario and Pau, Giovanni and Talty, Timothy and Tonguz, Ozan K},
  journal={IEEE Communications Magazine},
  volume={56},
  number={7},
  pages={125--131},
  year={2018},
  publisher={IEEE}
}
@article{schafer2013accurate,
  title={How accurate is pulse rate variability as an estimate of heart rate variability?: A review on studies comparing photoplethysmographic technology with an electrocardiogram},
  author={Sch{\"a}fer, Axel and Vagedes, Jan},
  journal={International journal of cardiology},
  volume={166},
  number={1},
  pages={15--29},
  year={2013},
  publisher={Elsevier}
}
@article{ercan2017rf,
  title={RF energy harvesting and transfer for spectrum sharing cellular IoT communications in 5G systems},
  author={Ercan, Ali {\"O} and Sunay, M O{\u{g}}uz and Akyildiz, Ian F},
  journal={IEEE Transactions on Mobile Computing},
  volume={17},
  number={7},
  pages={1680--1694},
  year={2017},
  publisher={IEEE}
}
@article{chatterjee2018artificial,
  title={Artificial Intelligence based IoT Automation: Controlling devices with Google and Facebook},
  author={Chatterjee, A},
  journal={Artificial Intelligence},
  volume={5},
  number={04},
  year={2018}
}
@article{liu2018survey,
  title={Survey on the Indoor Localization Technique of Wi-Fi Access Points},
  author={Liu, Yimin and Liu, Wenyan and Luo, Xiangyang},
  journal={International Journal of Digital Crime and Forensics (IJDCF)},
  volume={10},
  number={3},
  pages={27--42},
  year={2018},
  publisher={IGI Global}
}
@article{cheikhrouhou2018hybrid,
  title={A hybrid DV-hop algorithm using RSSI for localization in large-scale wireless sensor networks},
  author={Cheikhrouhou, Omar and M Bhatti, Ghulam and Alroobaea, Roobaea},
  journal={Sensors},
  volume={18},
  number={5},
  pages={1469},
  year={2018},
  publisher={Multidisciplinary Digital Publishing Institute}
}
@article{khelifi2018localization,
  title={Localization and energy-efficient data routing for unmanned aerial vehicles: Fuzzy-logic-based approach},
  author={Khelifi, Fekher and Bradai, Abbas and Singh, Kamal and Atri, Mohamed},
  journal={IEEE Communications Magazine},
  volume={56},
  number={4},
  pages={129--133},
  year={2018},
  publisher={IEEE}
}
@inproceedings{choosaksakunwiboon2018pre,
  title={A Pre-processing Technique for BLE-based Indoor Localization},
  author={Choosaksakunwiboon, Shanatip and Terawong, Chawin and Suttisirikul, Suppakorn and Anantavrasilp, Isara and Thiemjarus, Surapa and Wisadsud, Sodsai and Kaemarungsi, Kamol},
  booktitle={Proceedings of the 12th International Convention on Rehabilitation Engineering and Assistive Technology},
  pages={241--244},
  year={2018},
  organization={Singapore Therapeutic, Assistive \& Rehabilitative Technologies (START) Centre}
}
